@Abnt-options{ifscbib,
  abnt-emphasize           = {\textbf},
  abnt-etal-list           = {3},
  abnt-full-initials       = {no},
  abnt-repeated-field-omit = {no},
  abnt-show-options        = {warn},
  abnt-thesis-year         = {final},
  key                      = {aaaa},
}
